<record><leader>00000cas a22000007a 4500</leader><controlfield tag="001">19934486</controlfield><controlfield tag="008">890627d18871892mouwr ne      0    0eng d</controlfield><datafield ind1=" " ind2=" " tag="010"><subfield code="a">sn 89066625 </subfield></datafield><datafield ind1=" " ind2=" " tag="040"><subfield code="a">MQN</subfield><subfield code="b">eng</subfield><subfield code="c">MQN</subfield><subfield code="d">OCLCQ</subfield></datafield><datafield ind1=" " ind2=" " tag="042"><subfield code="a">msc</subfield></datafield><datafield ind1="0" ind2=" " tag="130"><subfield code="a">Carthage weekly banner (Carthage, Mo. : 1887)</subfield></datafield><datafield ind1="1" ind2="4" tag="245"><subfield code="a">The Carthage weekly banner.</subfield></datafield><datafield ind1="3" ind2="0" tag="246"><subfield code="a">Carthage banner</subfield></datafield><datafield ind1=" " ind2=" " tag="260"><subfield code="a">Carthage, Jasper County, Mo. :</subfield><subfield code="b">Banner Print. Co.</subfield></datafield><datafield ind1=" " ind2=" " tag="300"><subfield code="a">v.</subfield></datafield><datafield ind1=" " ind2=" " tag="310"><subfield code="a">Weekly</subfield></datafield><datafield ind1="0" ind2=" " tag="362"><subfield code="a">Vol. 21, no. 16 (Apr. 21, 1887)-</subfield></datafield><datafield ind1="1" ind2=" " tag="362"><subfield code="a">Ceased in 1892?</subfield></datafield><datafield ind1=" " ind2=" " tag="500"><subfield code="a">Daily ed. also published, 1887-1892?</subfield></datafield><datafield ind1=" " ind2=" " tag="500"><subfield code="a">Published as: The Carthage banner, &lt;Sept. 1-8, 1892&gt;.</subfield></datafield><datafield ind1=" " ind2="4" tag="651"><subfield code="a">Carthage (Mo.)</subfield><subfield code="v">Newspapers.</subfield></datafield><datafield ind1=" " ind2=" " tag="752"><subfield code="a">United States</subfield><subfield code="b">Missouri</subfield><subfield code="c">Jasper</subfield><subfield code="d">Carthage.</subfield></datafield><datafield ind1="0" ind2="0" tag="780"><subfield code="t">Carthage banner</subfield><subfield code="w">(DLC)sn 85033882</subfield></datafield><datafield ind1="1" ind2=" " tag="029"><subfield code="a">AU@</subfield><subfield code="b">000020618698</subfield></datafield></record>